<record><leader>00000cas a2200000 a 4500</leader><controlfield tag="001">30337919</controlfield><controlfield tag="008">940427d191u1980cauwr ne      0    0eng c</controlfield><datafield ind1=" " ind2=" " tag="010"><subfield code="a">sn 94051089 </subfield></datafield><datafield ind1=" " ind2=" " tag="040"><subfield code="a">CNK</subfield><subfield code="b">eng</subfield><subfield code="c">CNK</subfield><subfield code="d">OCLCQ</subfield><subfield code="d">CNK</subfield><subfield code="d">OCLCQ</subfield><subfield code="d">OCLCF</subfield><subfield code="d">OCLCO</subfield></datafield><datafield ind1="1" ind2=" " tag="029"><subfield code="a">AU@</subfield><subfield code="b">000010972390</subfield></datafield><datafield ind1=" " ind2=" " tag="042"><subfield code="a">pcc</subfield></datafield><datafield ind1=" " ind2=" " tag="043"><subfield code="a">n-us-ca</subfield></datafield><datafield ind1="0" ind2="0" tag="245"><subfield code="a">La Mesa scout.</subfield></datafield><datafield ind1="1" ind2=" " tag="246"><subfield code="i">Published as:</subfield><subfield code="a">La Mesa independent</subfield><subfield code="f">Mar. 11-Apr. 15, 1921</subfield></datafield><datafield ind1="1" ind2="3" tag="246"><subfield code="a">La Mesa scout and the eagle</subfield><subfield code="f">&lt;Apr. 5, 1912-July 2, 1915&gt;</subfield></datafield><datafield ind1="1" ind2="3" tag="246"><subfield code="a">Scout</subfield><subfield code="f">Jan. 30, 1975-June 17, 1976</subfield></datafield><datafield ind1=" " ind2=" " tag="260"><subfield code="a">La Mesa, Calif. :</subfield><subfield code="b">T.M. Hancock and Wiley A. Magruder</subfield></datafield><datafield ind1=" " ind2=" " tag="300"><subfield code="a">v.</subfield></datafield><datafield ind1=" " ind2=" " tag="310"><subfield code="a">Weekly,</subfield><subfield code="b">Nov. 6, 1952-Sept. 24, 1980</subfield></datafield><datafield ind1=" " ind2=" " tag="321"><subfield code="a">Weekly,</subfield><subfield code="b">&lt;Apr. 5, 1912&gt;-May 8, 1952</subfield></datafield><datafield ind1=" " ind2=" " tag="321"><subfield code="a">Semiweekly,</subfield><subfield code="b">May 14-Oct. 31, 1952</subfield></datafield><datafield ind1="0" ind2=" " tag="362"><subfield code="a">-v. 73, no. 39 (Sept. 24, 1980).</subfield></datafield><datafield ind1=" " ind2=" " tag="500"><subfield code="a">Issues for May 22, 1975-Aug. 26, 1976 lack volume designation.</subfield></datafield><datafield ind1=" " ind2=" " tag="515"><subfield code="a">Numbering is irregular.</subfield></datafield><datafield ind1=" " ind2=" " tag="530"><subfield code="a">Master negatives are available for duplication from:</subfield><subfield code="b">California Newspaper Microfilm Archive;</subfield><subfield code="c">for further information consult the CNMA at:</subfield><subfield code="u">http://cbsr.ucr.edu.</subfield></datafield><datafield ind1=" " ind2=" " tag="588"><subfield code="a">Description based on: Vol. 6, no. 3 (Apr. 5, 1912).</subfield></datafield><datafield ind1=" " ind2="0" tag="651"><subfield code="a">La Mesa (Calif.)</subfield><subfield code="v">Newspapers.</subfield></datafield><datafield ind1=" " ind2="7" tag="655"><subfield code="a">Newspapers.</subfield><subfield code="2">fast</subfield><subfield code="0">(OCoLC)fst01423814</subfield></datafield><datafield ind1=" " ind2="7" tag="651"><subfield code="a">California</subfield><subfield code="z">La Mesa.</subfield><subfield code="2">fast</subfield><subfield code="0">(OCoLC)fst01219036</subfield></datafield><datafield ind1=" " ind2=" " tag="752"><subfield code="a">United States</subfield><subfield code="b">California</subfield><subfield code="c">San Diego</subfield><subfield code="d">La Mesa.</subfield></datafield><datafield ind1="0" ind2="0" tag="785"><subfield code="t">Mesa courier and the La Mesa scout</subfield><subfield code="w">(DLC)sn 98061371</subfield></datafield></record>